<?xml version="1.0" encoding="UTF-8"?><collection xmlns="http://www.loc.gov/MARC21/slim"><record><leader>00525nam--2200193-u-4500</leader><controlfield tag="001">000055677</controlfield><controlfield tag="002">20161230</controlfield><controlfield tag="005">20161230201052</controlfield><controlfield tag="008">130327s1000------------r-----000-0-rum-d</controlfield><datafield ind1=" " ind2=" " tag="040"><subfield code="a">IFIN-HH</subfield></datafield><datafield ind1=" " ind2=" " tag="041"><subfield code="a">rum</subfield></datafield><datafield ind1=" " ind2=" " tag="080"><subfield code="a">537.621:546.21</subfield></datafield><datafield ind1="1" ind2=" " tag="100"><subfield code="a">Ursu, Ioan</subfield></datafield><datafield ind1="1" ind2="0" tag="245"><subfield code="a">Efecte magnetomecanice la oxigen</subfield><subfield code="b">Prefata academician horia hulubei</subfield><subfield code="c">Ioan ursu</subfield></datafield><datafield ind1=" " ind2=" " tag="260"><subfield code="a">Bucuresti</subfield><subfield code="b">Editura Academiei Rpr</subfield><subfield code="c">1953</subfield></datafield><datafield ind1=" " ind2=" " tag="300"><subfield code="a">134P</subfield></datafield><datafield ind1=" " ind2=" " tag="490"><subfield code="a">Monografii De Fizica V</subfield></datafield><datafield ind1=" " ind2=" " tag="852"><subfield code="a">6860</subfield><subfield code="c">H.H</subfield></datafield><datafield ind1=" " ind2=" " tag="CAT"><subfield code="a">Sys</subfield><subfield code="c">20130327</subfield><subfield code="h">110121</subfield></datafield></record></collection>